@inproceedings{dechev06,
	acmid = {2081596},
	address = {Berlin, Heidelberg},
	author = {Dechev, Damian and Pirkelbauer, Peter and Stroustrup, Bjarne},
	booktitle = {Proceedings of the 10th International Conference on Principles of Distributed Systems},
	doi = {10.1007/11945529_11},
	isbn = {3-540-49990-3, 978-3-540-49990-9},
	keywords = {C++; STL; concurrency; lock-free; real-time systems; vector},
	location = {Bordeaux, France},
	numpages = {15},
	pages = {142--156},
	publisher = {Springer-Verlag},
	series = {OPODIS'06},
	title = {Lock-free Dynamically Resizable Arrays},
	url = {http://dx.doi.org/10.1007/11945529_11},
	year = {2006}
}

@article{classic-linearizability,
	author = {Herlihy, Maurice P and Wing, Jeannette M},
	journal = {ACM Transactions on Programming Languages and Systems (TOPLAS)},
	number = {3},
	pages = {463--492},
	publisher = {ACM},
	title = {Linearizability: A correctness condition for concurrent objects},
	url = {http://dl.acm.org/citation.cfm?id=78972; http://courses.cs.vt.edu/~cs5204/fall07-kafura/Papers/TransactionalMemory/Linearizability.pdf},
	volume = {12},
	x-fetchedfrom = {Google Scholar},
	year = {1990}
}

@article{cm-eventual,
	author = {Vogels, Werner},
	journal = {Communications of the ACM},
	number = {1},
	pages = {40--44},
	publisher = {ACM},
	title = {Eventually consistent},
	url = {http://dl.acm.org/citation.cfm?id=1435432; http://www.cs.cmu.edu/~pavlo/courses/fall2013/static/papers/p40-vogels.pdf},
	volume = {52},
	x-fetchedfrom = {Google Scholar},
	year = {2009}
}

